<?xml version="1.0" encoding="UTF-8"?><collection xmlns="http://www.loc.gov/MARC21/slim"><record><leader>00384nam--2200133-i-4500</leader><controlfield tag="001">000013622</controlfield><controlfield tag="002">20161230</controlfield><controlfield tag="005">20161230201030</controlfield><controlfield tag="008">060222s1000------------r-----000-0-eng-d</controlfield><datafield ind1=" " ind2=" " tag="080"><subfield code="a">547.07(047.1)</subfield></datafield><datafield ind1=" " ind2=" " tag="245"><subfield code="a">Annual reports in organic synthesis 1978</subfield></datafield><datafield ind1=" " ind2=" " tag="260"><subfield code="a">New York, Academic Press, 1971</subfield></datafield><datafield ind1=" " ind2=" " tag="700"><subfield code="a">John Mcmurry And R.Brayan Miller, Wade L.G. And O`Donnell, N.J</subfield></datafield><datafield ind1=" " ind2=" " tag="852"><subfield code="a">37549</subfield></datafield></record></collection>